<record xmlns:xsi="http://www.w3.org/2001/XMLSchema-instance" xmlns="http://www.loc.gov/MARC21/slim" xsi:schemaLocation="http://www.loc.gov/MARC21/slim http://www.loc.gov/standards/marcxml/schema/MARC21slim.xsd">

  <leader>00446nam a2200145Ia 4500</leader>
  <datafield ind2=" " tag="999" ind1=" ">
    <subfield code="c">1179</subfield>
    <subfield code="d">1179</subfield>
  </datafield>
  <controlfield tag="008">170403b1970    us ||||| |||| 00| | e   d</controlfield>
  <datafield ind1=" " tag="090" ind2=" ">
    <subfield code="a">372.35 </subfield>
    <subfield code="b">S955s</subfield>
  </datafield>
  <datafield ind2=" " tag="100" ind1="1">
    <subfield code="a">Haney, Richard</subfield>
    <subfield code="9">2651</subfield>
  </datafield>
  <datafield tag="245" ind2="2" ind1="1">
    <subfield code="a">A summary of research in science education for the years of 1965-67, elementary school level</subfield>
  </datafield>
  <datafield tag="260" ind2=" " ind1=" ">
    <subfield code="a">Ohio, Estados Unido : </subfield>
    <subfield code="b">ERIC, </subfield>
    <subfield code="c">1970</subfield>
  </datafield>
  <datafield ind1=" " tag="300" ind2=" ">
    <subfield code="a">28 páginas</subfield>
  </datafield>
  <datafield tag="650" ind2="4" ind1="1">
    <subfield code="a">CIENCIA</subfield>
    <subfield code="9">890</subfield>
  </datafield>
  <datafield tag="650" ind2="4" ind1="1">
    <subfield code="a">ENSEÑANZA</subfield>
    <subfield code="9">14</subfield>
  </datafield>
  <datafield ind2=" " tag="942" ind1=" ">
    <subfield code="2">z</subfield>
    <subfield code="c">01</subfield>
  </datafield>
</record>